@article{wkent,
    author  = "William Kent",
    title   = "Guia simplificado para as 5 formas normais",
    journal = "SQL Magazine",
    volume  = "87",
    year    = "2011",
    DOI     = "https://www.devmedia.com.br/guia-simplificado-para-as-5-formas-normais-artigo-revista-sql-magazine-87/21043"
}
 
@book{hkorth,
    author    = "Henry F. Korth",
    title     = "Sistemas de Bancos de Dados",
    year      = "1994",
    publisher = "Makron Books",
    address   = "São Paulo"
}

@online{hmedeiros,
    author    = "Higor Medeiros",
    title     = "Introdução ao MongoDB",
    year      = "2014",
    url       = "https://www.devmedia.com.br/introducao-ao-mongodb/30792",
    note      = "[Online; acesso em 15-abril-2019]"
}

@online{agama,
    author    = "Alexandre Gama",
    title     = "O que é JSON",
    year      = "2011",
    url       = "https://www.devmedia.com.br/o-que-e-json/231662",
    note      = "[Online; acesso em 15-abril-2019]"
}

@online{raghupathi2014,
    author    = "Wullianallur Raghupathi, Viju Raghupathi",
    title     = "Big data analytics in healthcare: promise and potential",
    year      = "2014",
    url       = "https://www.ncbi.nlm.nih.gov/pmc/articles/PMC4341817/",
    note      = "[Online; acesso em 13-abril-2019]"
}

@online{lima2009,
    author    = "Claudia Risso de Araujo Lima, Joyce Mendes de Andrade Schramm, Claudia Medina Coeli, Márcia Elizabeth Marinho da Silva",
    title     = "Cadernos de saúde pública. Revisão das dimensões
de qualidade dos dados e métodos aplicados na avaliação dos sistemas
de informação em saúde",
    year      = "2009",
    url       = "https://www.scielosp.org/pdf/csp/2009.v25n10/2095-2109",
    note      = "[Online; acesso em 14-abril-2019]"
}

@online{massruha2015,
    author    = "Silvia Maria Fonseca Silveira Massruhá, Maria Fernanda Moura, Maria Angélica de Andrade Leite",
    title     = "Análise de tendências da produção técnico-científica em tecnologias avançadas no agronegócio",
    year      = "2015",
    url       = "https://www.scielosp.org/pdf/csp/2009.v25n10/2095-2109",
    note      = "[Online; acesso em 14-abril-2019]"
}